<record><leader>00000cas a22000007a 4500</leader><controlfield tag="001">21022342</controlfield><controlfield tag="008">900208d19891990ksuwr ne      0   a0eng d</controlfield><datafield ind1=" " ind2=" " tag="010"><subfield code="a">sn 90004434 </subfield></datafield><datafield ind1=" " ind2=" " tag="040"><subfield code="a">NSD</subfield><subfield code="b">eng</subfield><subfield code="c">NSD</subfield><subfield code="d">DLC</subfield><subfield code="d">NSD</subfield><subfield code="d">OCLCQ</subfield></datafield><datafield ind1=" " ind2=" " tag="012"><subfield code="m">d</subfield></datafield><datafield ind1="1" ind2=" " tag="022"><subfield code="a">1048-7913</subfield><subfield code="l">1048-7913</subfield><subfield code="2">1</subfield></datafield><datafield ind1=" " ind2=" " tag="037"><subfield code="b">Legal Record, 102 S. Cherry, Suite 2, Olathe, KS 66061</subfield></datafield><datafield ind1=" " ind2=" " tag="042"><subfield code="a">nsdp</subfield><subfield code="a">msc</subfield></datafield><datafield ind1="0" ind2=" " tag="130"><subfield code="a">Legal record (Olathe, Kan.)</subfield></datafield><datafield ind1=" " ind2="4" tag="222"><subfield code="a">The Legal record</subfield><subfield code="b">(Olathe, Kan.)</subfield></datafield><datafield ind1="1" ind2="4" tag="245"><subfield code="a">The Legal record :</subfield><subfield code="b">court, legal business, real estate, credit, construction &amp; general news.</subfield></datafield><datafield ind1=" " ind2=" " tag="260"><subfield code="a">Olathe, KS :</subfield><subfield code="b">[The Legal Record Co.]</subfield></datafield><datafield ind1=" " ind2=" " tag="300"><subfield code="a">v.</subfield></datafield><datafield ind1=" " ind2=" " tag="310"><subfield code="a">Weekly</subfield></datafield><datafield ind1="1" ind2=" " tag="362"><subfield code="a">Began in 1989; ceased in 1990.</subfield></datafield><datafield ind1=" " ind2=" " tag="515"><subfield code="a">Issues published prior to Oct. 31, 1989 lack numbering.</subfield></datafield><datafield ind1=" " ind2=" " tag="580"><subfield code="a">Legal notices also appear in the News (Olathe, Kan.).</subfield></datafield><datafield ind1=" " ind2=" " tag="588"><subfield code="a">Description based on: No. 1 (Oct. 31, 1989).</subfield></datafield><datafield ind1=" " ind2=" " tag="588"><subfield code="a">Latest issue consulted: Issue no. 14 (Jan. 23, 1990).</subfield></datafield><datafield ind1=" " ind2=" " tag="752"><subfield code="a">United States</subfield><subfield code="b">Kansas</subfield><subfield code="c">Johnson</subfield><subfield code="d">Olathe.</subfield></datafield><datafield ind1=" " ind2=" " tag="752"><subfield code="a">United States</subfield><subfield code="b">Kansas</subfield><subfield code="c">Wyandotte</subfield><subfield code="d">Kansas City.</subfield></datafield><datafield ind1="0" ind2="0" tag="780"><subfield code="t">News. Legal record</subfield></datafield><datafield ind1="1" ind2=" " tag="787"><subfield code="t">News (Olathe, Kan.)</subfield></datafield></record>